<record><leader>00000cas a22000007a 4500</leader><controlfield tag="001">11662553</controlfield><controlfield tag="008">850206d18981907wiuwr ne      0    0eng d</controlfield><datafield ind1=" " ind2=" " tag="010"><subfield code="a">sn 85040095 </subfield></datafield><datafield ind1=" " ind2=" " tag="040"><subfield code="a">NPV</subfield><subfield code="b">eng</subfield><subfield code="c">NPV</subfield><subfield code="d">OCLCQ</subfield></datafield><datafield ind1=" " ind2=" " tag="042"><subfield code="a">msc</subfield></datafield><datafield ind1="0" ind2="0" tag="245"><subfield code="a">Nebagamon enterprise.</subfield></datafield><datafield ind1=" " ind2=" " tag="260"><subfield code="a">Lake Nebagamon, Douglas Co., Wis. :</subfield><subfield code="b">Carr &amp; Harkness,</subfield><subfield code="c">-1907.</subfield></datafield><datafield ind1=" " ind2=" " tag="300"><subfield code="a">10 v. :</subfield><subfield code="b">ill.</subfield></datafield><datafield ind1=" " ind2=" " tag="310"><subfield code="a">Weekly</subfield></datafield><datafield ind1="0" ind2=" " tag="362"><subfield code="a">-v. 10, no. 15 (Nov. 30, 1907).</subfield></datafield><datafield ind1="1" ind2=" " tag="362"><subfield code="a">Began with Oct. 15, 1898 issue?</subfield></datafield><datafield ind1=" " ind2=" " tag="588"><subfield code="a">Description based on: Vol. 1, no. 8 (Dec. 3, 1898).</subfield></datafield><datafield ind1=" " ind2=" " tag="752"><subfield code="a">United States</subfield><subfield code="b">Wisconsin</subfield><subfield code="c">Douglas</subfield><subfield code="d">Lake Nebagamon.</subfield></datafield><datafield ind1="0" ind2="7" tag="785"><subfield code="t">Solon Springs star</subfield></datafield><datafield ind1="0" ind2="7" tag="785"><subfield code="t">Star enterprise</subfield><subfield code="w">(DLC)sn 85040216</subfield></datafield></record>